% This file was created with JabRef 2.10.
% Encoding: Cp1252


@article{siwy2011human,
	title={Human urinary peptide database for multiple disease biomarker discovery},
	author={Siwy, Justyna and Mullen, William and Golovko, Igor and Franke, Julia and Z{\"u}rbig, Petra},
	journal={PROTEOMICS-Clinical Applications},
	volume={5},
	number={5-6},
	pages={367--374},
	year={2011},
	publisher={Wiley Online Library}
}


@article{storey2003statistical,
	title={Statistical significance for genomewide studies},
	author={Storey, John D and Tibshirani, Robert},
	journal={Proceedings of the National Academy of Sciences},
	volume={100},
	number={16},
	pages={9440--9445},
	year={2003},
	publisher={National Acad Sciences}
}

@article{islam2011characterization,
	title={Characterization of the single-cell transcriptional landscape by highly multiplex RNA-seq},
	author={Islam, Saiful and Kj{\"a}llquist, Una and Moliner, Annalena and Zajac, Pawel and Fan, Jian-Bing and L{\"o}nnerberg, Peter and Linnarsson, Sten},
	journal={Genome research},
	volume={21},
	number={7},
	pages={1160--1167},
	year={2011},
	publisher={Cold Spring Harbor Lab}
}